@article{liang2016causal,
  title={Causal Inference for Recommendation},
  author={Liang, Dawen and Charlin, Laurent and Blei, David M}
}

@inproceedings{liang2016modeling,
  title={Modeling user exposure in recommendation},
  author={Liang, Dawen and Charlin, Laurent and McInerney, James and Blei, David M},
  booktitle={Proceedings of the 25th International Conference on World Wide Web},
  pages={951--961},
  year={2016},
  organization={International World Wide Web Conferences Steering Committee}
}

@inproceedings{bonner2018causal,
  title={Causal embeddings for recommendation},
  author={Bonner, Stephen and Vasile, Flavian},
  booktitle={Proceedings of the 12th ACM Conference on Recommender Systems},
  pages={104--112},
  year={2018},
  organization={ACM}
}

@article{wang2018deconfounded,
  title={The Deconfounded Recommender: A Causal Inference Approach to Recommendation},
  author={Wang, Yixin and Liang, Dawen and Charlin, Laurent and Blei, David M},
  journal={arXiv preprint arXiv:1808.06581},
  year={2018}
}